<?xml version="1.0" encoding="UTF-8"?><record xmlns="http://www.loc.gov/MARC21/slim" xmlns:cinclude="http://apache.org/cocoon/include/1.0" xmlns:zs="http://www.loc.gov/zing/srw/">
  <leader>00403cz  a2200133n  4500</leader>
  <controlfield tag="001">n  83193906 </controlfield>
  <controlfield tag="003">DLC</controlfield>
  <controlfield tag="005">20081219080519.0</controlfield>
  <controlfield tag="008">830728n| acannaabn          |n aaa      </controlfield>
  <datafield tag="010" ind1=" " ind2=" ">
    <subfield code="a">n  83193906 </subfield>
  </datafield>
  <datafield tag="035" ind1=" " ind2=" ">
    <subfield code="a">(OCoLC)oca01008071</subfield>
  </datafield>
  <datafield tag="040" ind1=" " ind2=" ">
    <subfield code="a">DLC</subfield>
    <subfield code="b">eng</subfield>
    <subfield code="c">DLC</subfield>
    <subfield code="d">OCoLC</subfield>
  </datafield>
  <datafield tag="100" ind1="1" ind2=" ">
    <subfield code="a">Voghel, Johanne</subfield>
  </datafield>
  <datafield tag="670" ind1=" " ind2=" ">
    <subfield code="a">Laurin, L. Viol et brutalite휍혖, c1983 (a.e.)</subfield>
    <subfield code="b">t.p. (Johanne Voghel de la Ligue des droits et liberte휍혖s)</subfield>
  </datafield>
</record>